@article{mnih2013playing,
  title={Playing atari with deep reinforcement learning},
  author={Mnih, Volodymyr and Kavukcuoglu, Koray and Silver, David and Graves, Alex and Antonoglou, Ioannis and Wierstra, Daan and Riedmiller, Martin},
  journal={arXiv preprint arXiv:1312.5602},
  year={2013}
}

@article{van2015deep,
  title={Deep reinforcement learning with double q-learning},
  author={Van Hasselt, Hado and Guez, Arthur and Silver, David},
  journal={arXiv preprint arXiv:1509.06461},
  year={2015}
}

@misc{pytorch, title={Reinforcement Learning (DQN) TutorialÂ¶}, url={https://pytorch.org/tutorials/intermediate/reinforcement_q_learning.html}, journal={Reinforcement Learning (DQN) Tutorial - PyTorch Tutorials 1.6.0 documentation}}